% Encoding: ISO-8859-1

@Article{Gaiotto:2009hg,
  author                = {Gaiotto, Davide and Moore, Gregory W. and Neitzke, Andrew},
  title                 = {{Wall-crossing, Hitchin systems, and the WKB approximation}},
  journal               = {Adv. Math.},
  year                  = {2013},
  volume                = {234},
  pages                 = {239--403},
  eprint                = {0907.3987},
  archiveprefix         = {arXiv},
  bibliodb              = {yes},
  bibliodb_last_updated = {2009-07-24T14:03:07},
  file                  = {arXiv v2:Gaiotto_2009hg-eprintv2.pdf:PDF},
  owner                 = {andy},
  primaryclass          = {hep-th},
  slaccitation          = {%%CITATION = 0907.3987;%%},
  timestamp             = {2012.11.14},
}

@Article{Gaiotto:2008cd,
  author                = {Gaiotto, Davide and Moore, Gregory W. and Neitzke, Andrew},
  title                 = {{Four-dimensional wall-crossing via three-dimensional field theory}},
  journal               = {Commun. Math. Phys.},
  year                  = {2010},
  volume                = {299},
  pages                 = {163--224},
  eprint                = {0807.4723},
  archiveprefix         = {arXiv},
  bibliodb              = {yes},
  bibliodb_last_updated = {2010-08-19T10:38:21},
  owner                 = {andy},
  primaryclass          = {hep-th},
  slaccitation          = {%%CITATION = 0807.4723;%%},
  timestamp             = {2012.11.14},
}

@Article{Gaiotto2012,
  author        = {Gaiotto, Davide and Moore, Gregory W. and Neitzke, Andrew},
  title         = {{Spectral networks}},
  journal       = {Annales Henri Poincar{\'e}},
  year          = {2013},
  volume        = {14},
  number        = {7},
  month         = {11},
  pages         = {1643--1731},
  eprint        = {1204.4824},
  archiveprefix = {arXiv},
  file          = {arXiv v1:Gaiotto2012-eprintv1.pdf:PDF},
  owner         = {andy},
  primaryclass  = {hep-th},
  slaccitation  = {%%CITATION = ARXIV:1204.4824;%%},
  timestamp     = {2012.05.27},
}

@Article{ks1,
  author                = {Kontsevich, Maxim and Soibelman, Yan},
  title                 = {{S}tability structures, motivic {D}onaldson-{T}homas invariants and cluster transformations},
  year                  = {2008},
  eprint                = {0811.2435},
  bibliodb              = {yes},
  bibliodb_last_updated = {2009-03-03T20:41:10},
  file                  = {:Kontsevich,Soibelman,stability structures, motivic-2008.pdf:PDF},
  owner                 = {andy},
  timestamp             = {2018.03.11},
}

@Article{notes-hk,
  author        = {Neitzke, Andrew},
  title         = {{N}otes on a new construction of hyperkahler metrics},
  year          = {2013},
  note          = {In proceedings of \emph{Mirror Symmetry \& Tropical Geometry}, Cetraro 2011.},
  eprint        = {1308.2198},
  archiveprefix = {arXiv},
  owner         = {andy},
  primaryclass  = {math.dg},
  timestamp     = {2012.11.14},
}

@Article{MR2233852,
  author                = {Fock, Vladimir and Goncharov, Alexander},
  title                 = {Moduli spaces of local systems and higher {T}eichm\"uller theory},
  journal               = {Publ. Math. Inst. Hautes \'Etudes Sci.},
  year                  = {2006},
  number                = {103},
  pages                 = {1--211},
  issn                  = {0073-8301},
  eprint                = {math/0311149},
  bibliodb              = {yes},
  bibliodb_last_updated = {2008-09-10T11:15:39},
  file                  = {:Fock,Goncharov,moduli spaces local-2006.pdf:PDF},
  fjournal              = {Publications Math\'ematiques. Institut de Hautes \'Etudes Scientifiques},
  mrclass               = {32Gxx (20F34 57Mxx)},
  mrnumber              = {MR2233852},
  owner                 = {andy},
  timestamp             = {2018.03.11},
}

@Article{Wentworth2014,
  author         = {Richard A. Wentworth},
  title          = {Higgs bundles and local systems on Riemann surfaces},
  year           = {2014},
  month          = feb,
  eprint         = {1402.4203},
  __markedentry  = {[andy:]},
  abstract       = {Lecture notes from the Third International School on Geometry and Physics at the Centre de Recerca Matematica in Barcelona, March 26--30, 2012.},
  comments       = {Final version. To appear in the collection CRM Advanced Courses in Mathematics},
  oai2identifier = {1402.4203},
  owner          = {andy},
  timestamp      = {2017.08.06},
}

@Article{MR89a:32021,
  author                = {Hitchin, Nigel J.},
  title                 = {The self-duality equations on a {R}iemann surface},
  journal               = {Proc. London Math. Soc. (3)},
  year                  = {1987},
  volume                = {55},
  number                = {1},
  pages                 = {59--126},
  issn                  = {0024-6115},
  bibliodb              = {yes},
  bibliodb_last_updated = {2008-09-08T17:35:14},
  coden                 = {PLMTAL},
  file                  = {:Hitchin,self duality equations-1987.pdf:PDF},
  fjournal              = {Proceedings of the London Mathematical Society. Third Series},
  mrclass               = {32G13 (14F05 14H15 32L10 53C05 58E99 81E13)},
  mrnumber              = {89a:32021},
  mrreviewer            = {Mitsuhiro Itoh},
  owner                 = {andy},
  timestamp             = {2016.01.18},
}

@Article{MR944577,
  author    = {Simpson, Carlos T.},
  title     = {Constructing variations of {H}odge structure using {Y}ang-{M}ills theory and applications to uniformization},
  journal   = {J. Amer. Math. Soc.},
  year      = {1988},
  volume    = {1},
  number    = {4},
  pages     = {867--918},
  issn      = {0894-0347},
  doi       = {10.2307/1990994},
  url       = {http://dx.doi.org.ezproxy.lib.utexas.edu/10.2307/1990994},
  file      = {MR944577.pdf:MR944577.pdf:PDF},
  fjournal  = {Journal of the American Mathematical Society},
  mrclass   = {58E15 (32L15 53C25 53C55)},
  mrnumber  = {944577 (90e:58026)},
  owner     = {andy},
  timestamp = {2014.06.21},
}

@Article{MR887285,
  author     = {Donaldson, S. K.},
  title      = {Twisted harmonic maps and the self-duality equations},
  journal    = {Proc. London Math. Soc. (3)},
  year       = {1987},
  volume     = {55},
  number     = {1},
  pages      = {127--131},
  issn       = {0024-6115},
  doi        = {10.1112/plms/s3-55.1.127},
  coden      = {PLMTAL},
  fjournal   = {Proceedings of the London Mathematical Society. Third Series},
  mrclass    = {58E20 (32L15 53C05)},
  mrnumber   = {887285 (88g:58040)},
  mrreviewer = {Mitsuhiro Itoh},
  owner      = {andy},
  timestamp  = {2012.03.15},
}

@Article{MR965220,
  author     = {Corlette, Kevin},
  title      = {Flat {$G$}-bundles with canonical metrics},
  journal    = {J. Differential Geom.},
  year       = {1988},
  volume     = {28},
  number     = {3},
  pages      = {361--382},
  issn       = {0022-040X},
  url        = {http://projecteuclid.org.ezproxy.lib.utexas.edu/getRecord?id=euclid.jdg/1214442469},
  coden      = {JDGEAS},
  file       = {:Corlette, Kevin - Flat $G$-bundles with canonical metrics.pdf:PDF},
  fjournal   = {Journal of Differential Geometry},
  mrclass    = {58E20 (32L99 53C10)},
  mrnumber   = {965220 (89k:58066)},
  mrreviewer = {John C. Wood},
  owner      = {andy},
  timestamp  = {2012.03.15},
}

@Article{hbnc,
  author                = {Simpson, Carlos},
  title                 = {{H}armonic bundles on noncompact curves},
  journal               = {J. Amer. Math. Soc.},
  year                  = {1990},
  volume                = {3},
  pages                 = {713--770},
  bibliodb              = {yes},
  bibliodb_last_updated = {2008-09-06T00:06:31},
  file                  = {:Simpson,harmonic bundles noncompact-1990.pdf:PDF},
  owner                 = {andy},
  timestamp             = {2018.03.11},
}

@Article{wnh,
  author                = {Biquard, Olivier and Boalch, Philip},
  title                 = {{W}ild nonabelian {H}odge theory on curves},
  year                  = {2002},
  eprint                = {math/0111098},
  bibliodb              = {yes},
  bibliodb_last_updated = {2008-04-07T16:36:23},
  file                  = {:Biquard, Olivier and Boalch, Philip - Wild nonabelian Hodge theory on curves.pdf:PDF},
  owner                 = {andy},
  timestamp             = {2018.03.11},
}

@Article{Cecotti:1993rm,
  author                = {Cecotti, Sergio and Vafa, Cumrun},
  title                 = {On classification of {$\N=2$} supersymmetric theories},
  journal               = {Commun. Math. Phys.},
  year                  = {1993},
  volume                = {158},
  pages                 = {569--644},
  eprint                = {hep-th/9211097},
  bibliodb              = {yes},
  bibliodb_last_updated = {2008-01-05T10:49:10},
  file                  = {:Cecotti, Sergio and Vafa, Cumrun - On classification of $_N=2$ supersymmetric theories.pdf:PDF;:Cecotti, Sergio and Vafa, Cumrun - On classification of $_N=2$ supersymmetric theories.ps:PostScript},
  flag                  = {1},
  owner                 = {andy},
  slaccitation          = {%%CITATION = HEP-TH 9211097;%%},
  timestamp             = {2018.03.11},
}

@Article{MR1213301,
  author                = {Dubrovin, B.},
  title                 = {Geometry and integrability of topological-antitopological fusion},
  journal               = {Comm. Math. Phys.},
  year                  = {1993},
  volume                = {152},
  number                = {3},
  pages                 = {539--564},
  issn                  = {0010-3616},
  eprint                = {hep-th/9206037},
  bibliodb              = {yes},
  bibliodb_last_updated = {2008-06-02T08:34:47},
  coden                 = {CMPHAY},
  file                  = {:Dubrovin,geometry and integrability-1993.pdf:PDF},
  fjournal              = {Communications in Mathematical Physics},
  mrclass               = {81T40 (58F07)},
  mrnumber              = {MR1213301 (95a:81227)},
  owner                 = {andy},
  timestamp             = {2018.03.11},
}

@Article{stab-stokes,
  author                = {Bridgeland, Tom and Toledano Laredo, Valerio},
  title                 = {{S}tability conditions and {S}tokes factors},
  year                  = {2008},
  eprint                = {0801.3974},
  bibliodb              = {yes},
  bibliodb_last_updated = {2009-03-03T20:41:10},
  file                  = {:Bridgeland, Tom and Laredo, Valerio Toledano - Stability conditions and Stokes factors.pdf:PDF},
  owner                 = {andy},
  timestamp             = {2018.03.11},
}

@Article{MR1174252,
  author                = {Hitchin, N. J.},
  title                 = {Lie groups and {T}eichm\"uller space},
  journal               = {Topology},
  year                  = {1992},
  volume                = {31},
  number                = {3},
  pages                 = {449--473},
  issn                  = {0040-9383},
  bibliodb              = {yes},
  bibliodb_last_updated = {2008-10-27T15:16:27},
  coden                 = {TPLGAF},
  file                  = {:Hitchin,lie groups and-1992.pdf:PDF},
  fjournal              = {Topology. An International Journal of Mathematics},
  mrclass               = {32G13 (32G15 57M99 58D27 58E15)},
  mrnumber              = {MR1174252 (93e:32023)},
  mrreviewer            = {William Goldman},
  owner                 = {andy},
  timestamp             = {2018.03.11},
}

@Comment{jabref-meta: databaseType:biblatex;}
